

@misc{ds1,
    author = " A. Hannun and C. Case and J. Casper and B. Catanzaro  and G. Diamos and E. Elsen and R. Prenger and S. Satheesh and S. Sengupta and A. Coates and A. Y. Ng",
    title = "Deep speech: Scaling up end-to-end speech recognition",
    howpublished = "\href{https://arxiv.org/abs/1415567}{1412.5567}",
    year = "2014"
}


% Feature extraction using DNN
@article{ds1:feature_learning,
    author = "H. Lee and P. Pham and Y. Largman and A. Y. Ng",
    title = {\href{https://ai.stanford.edu/~ang/papers/nips09-AudioConvolutionalDBN.pdf}{Unsupervised feature learning for audio classification using convolutional deep belief networks}},
    journal = "In Advances in Neural Information Processing Systems",
    pages = "1437-1462",
    year = "2009",
} 

% First attepms to use DNN on TIMIT dataset
@article{ds1:dnn_timit,
    author = "A. Mohamed and G. Dahl and G. Hinton",
    title = {\href{https://www.cs.toronto.edu/~asamir/papers/speechDBN_jrnl.pdf}{Acoustic modeling using deep belief networks}},
    journal = "IEEE Transactions on Audio",
    series = {Speech, and Language Processing},
    volume = "99",
    year = "2011",
} 

% Poor use of DNN in accustic modeling
@article{ds1:accustic_modeling,
    title	= {Deep Neural Networks for Acoustic Modeling in Speech Recognition},
    author	= {G.  Hinton and  L.  Deng  and D.  Yu and  G.  Dahl},
    year	= {2012},
    journal	= {Signal Processing Magazine}
} 

% DNN as accustic model
@article{ds1:dnn_hmh,
    title	= {Context-dependent pre-trained deep neural networks for large vocabulary speech recognition},
    author	= {G. Dahl and D. Yu and L. Deng and A. Acero.},
    journal = "IEEE Transactions on Audio",
    series = {Speech and Language Processing},
    year	= {2011},
} 

@misc{ds2,
    title = "Deep speech 2: End-to-end speech recognition in english and mandarin",
    author = "D. Amodei and R. Anubhai and E. Battenberg et al.",
    howpublished = "\href{https://arxiv.org/abs/1512.02595}{1512.02595}",
    year = "2015"
} 

% LSTM1
@article{ds2:lstm1,
    title	= {Speech recognition with deep recurrent neural networks},
    author	= {A. Graves and A.-r. Mohamed and G. Hinton.},
    year	= {2013},
    journal	= {ICASSP},
} 

% LSTM2
@article{ds2:lstm2,
    title	= {Long short-term memory recurrent neural network architectures for large scale acoustic modeling},
    author	= {H. H. Sak and A. Senior and F. Beaufays},
    year	= {2014},
    journal	= {Interspeech},
} 

% LSTM3
@article{ds2:lstm3,
    title	= {Sequence discriminative distributed training of long short term memory recurrent neural networks},
    author	= {H. Sak and O. Vinyals  and G. Heigold  and A. Senior  and E. McDermott and R. Monga and M. Mao},
    year	= {2014},
    journal	= {Interspeech},
} 

% LSTM and conv
@article{ds2:lstm_and_conv,
    title	= {Convolutional, long short-term memory, fully connected deep neural networks},
    author	= {T. Sainath and O. Vinyals and A. Senior and H. Sak},
    year	= {2015},
    journal	= {ICASSP},
} 

% attention
@misc{ds2:attention_1,
    title	= {End-to-end attention-based  large  vocabulary  speech  recognition},
    author	= {D.  Bahdanau and J. Chorowski  and D. Serdyuk  and P. Brakel and  Y. Bengio},
    year	= {2015},
    howpublished = "\href{https://arxiv.org/abs/1508.04395}{1508.04395}"
} 

% attention
@misc{ds2:attention_2,
    title	= {Listen,  attend,  and  spell},
    author	= {W. Chan and N. Jaitly and Quoc Le and O. Vinyals},
    year	= {2015},
    howpublished = "\href{https://arxiv.org/abs/1508.01211}{1508.01211}"
} 


@misc{ds3_transducer,
    title = "Exploring neural transducers for end-to-end speech recognition",
    author = "E. Battenberg and J. Chen and R. Child et al.",
    howpublished = "\href{https://arxiv.org/abs/1707.07413}{1707.07413}",
    year = "2017"
}

@misc{ds3_top6,
    title = "Advances in all-neural speech recognition",
    author = "G. Zweig and G. Yu and J. Droppo and A. Stolcke",
    howpublished = "\href{https://arxiv.org/abs/1609.05935}{1609.05935}",
    year = "2016"
}

@article{ds3_top5,
    title = "Purely sequence-trained neural networks for asr based on lattice-free mmi",
    author = "D. Povey and V. Peddinti and D. Galvez and P. Ghahremani and V. Manohar and Xingyu Na and Yiming Wang and S. Khudanpur",
    journal	= {Interspeech},
    pages = "2751–2755",
    year	= {2016}
}

@misc{ds3_top4,
    title = "Achieving human parity in conversationalspeech recognition",
    author = "W.  Xiong and J. Droppo and X. Huang and F. Seide and M. Seltzer and A. Stolcke  and Dong Yu and G. Zweig",
    howpublished = "\href{https://arxiv.org/abs/1610.05256}{1610.05256}",
    year = "2016"
}

@misc{ds3_top3,
    title = "Dense  prediction  onsequences  with  time-dilated  convolutions  for  speechrecognition",
    author = "T. Sercu and V. Goel",
    howpublished = "\href{https://arxiv.org/abs/1611.09288}{1611.09288}",
    year = "2016"
}

@misc{ds3_top2,
    title = "Gram-ctc: Automatic unit selection and target  decomposition  for  sequence  labelling",
    author = "H. Liu and Z. Zhu and X. Li and S. Satheesh",
    howpublished = "\href{https://arxiv.org/abs/1703.00096}{1703.00096}",
    year = "2017"
}

@misc{ds3_top1,
    title = "English  conversational  telephonespeech  recognition  by  humans  and  machines",
    author = "G. Saon and  G.  Kurata and T. Sercu et  al.",
    howpublished = "\href{https://arxiv.org/abs/1703.02136}{1703.02136}",
    year = "2017"
}

@misc{ds3_coldfusion,
    title = "Cold Fusion: Training Seq2Seq Models Together with Language Models",
    author = "A. Sriram and H. Jun and S. Satheesh and A. Coates",
    howpublished = "\href{https://arxiv.org/abs/1708.06426}{1708.06426}",
    year = "2017"
}

@misc{pjatk_corpus,
    title = "Polish Read Speech Corpus for Speech Tools and Services",
    author = "D. Koržinek and K. Marasek and Ł. Brocki and K. Wołk",
    howpublished = "\href{https://arxiv.org/abs/1706.00245}{1706.00245}",
    year = "2017"
}

@inproceedings{dataset_jurisdic,
    author = {Demenko, Grazyna and Grocholewski, Stefan and Klessa, Katarzyna and Ogórkiewicz, Jerzy and Wagner, Agnieszka and Lange, Marek and Sledzinski, Daniel and Cylwik, Natalia},
    year = {2008},
    month = {01},
    title = {JURISDIC: Polish Speech Database for Taking Dictation of Legal Texts.}
}

% DNN
% First article
@article{dnn_first,
    title = "A logical calculus of the ideas immanent in nervous activity",
    author = "W. S. McCulloch and W.H. Pitts",
    journal = "Bulletin of Mathematical Biophysics",
    pages = "115-133",
    volume=5,
    year = "1943"
}

% Vast overview
@misc{dnn_overview,
    title = "Deep Learning in Neural Networks: An Overview",
    author = "J. Schmidhuber",
    howpublished = "\href{https://arxiv.org/abs/1404.7828}{1404.7828}",
    year = "2014"
}


% ML book
@book{ml_book,
    title = "Machine Learning, chapter 4",
    author = "T. M. Mitchell",
    isbn = {0070428077},
    publisher = {McGraw-Hill Education},
    year = "1997"
}

% Zmieniająca się funkcja aktywacji podczas treningu
@article{activation_func_train,
    author = "Hoon Chung and Sung Joo Lee and Jeon Gue Par",
    title = "Deep Neural Network Using Trainable Activation Functions",
    publisher = "International Joint Conference on Neural Networks",
    journal = "IJCNN",
    year = "2016"
} 


@misc{lstm:colah,
    title = "Understanding LSTM Networks",
    author = "C. Olah",
    howpublished = "\href{http://colah.github.io/posts/2015-08-Understanding-LSTMs/}{link}",
    year = "2015"
}


@article{rnn,
    title = "Finding structure in time",
    author = "J. L. Elman",
    journal	= {Cognitive  science},
    volume = "14",
    number = "2",
    pages = "179–211",
    year	= {1990}
}


@misc{rnn_over_fnn,
    title = "Artificial Neural Networks and their Application to Sequence Recognition, Ph.D. Thesis, McGill University",
    author = "Y. Bengio",
    year	= {1991}
}

@article{rnn_long-term-problems,
    title = "Learning long-term dependencies with gradient descent is difficult",
    author = "Y. Bengio and P. Simard and P. Frasconi",
    volume = "5",
    pages = "157-166",
    journal	= {IEEE Transactions on Neural Networks},
    year	= {1994},
    DOI = "10.1109/72.279181"
}

@article{lstm,
    title = "Long Short-Term Memory",
    author = "S. Hochreiter and J. Schmidhuber",
    volume = "9",
    number = "8",
    pages = "1735-1780",
    journal	= {Neural Computation},
    year	= {1997},
    DOI = "10.1109/72.279181"
}

@article{ctc,
    title = "Connectionist Temporal Classification: Labelling Unsegmented Sequence Data with Recurrent Neural Networks",
    author = "A. Graves and S. Fernandez and F. Gomez and J. Schmidhuber",
    pages = "369-376",
    journal	= {Proceedings of the 23rd international conference on Machine Learning},
    year	= {2006},
    DOI = "10.1145/1143844.1143891"
}

@article{ctc-first-imp,
    title = "Phone recognition on the TIMIT database",
    author = "C. Lopes and F. Perdigão",
    volume = 1,
    pages = "285--302",
    journal	= {Speech Technologies},
    year	= {2011},
    DOI = "10.5772/17600"
}

@article{ctc-distil,
    title = "Sequence Modeling With CTC",
    author = "A. Hannun",
    journal	= {Distill},
    year	= {2017},
    DOI = "10.23915/distill.00008"
}
