@online{cs231n,
    author = "J. Johnson and A. Karpathy",
    title = "CS231n Convolutional Neural Networks for Visual Recognition",
    url = "http://cs231n.github.io/neural-networks-1",
    year = "2017"
} 
