@book{introduction_springer,
    title = {Introduction to speech processing},
    author = {J. Benesty and M. M. Sondhi and Y. Huang.},
    isbn = {3540491252},
    series = {Springer  Handbook  of  Speech  Processing},
    year = {2007},
    publisher = {Springer-Verlag  New  York,  Inc.,Secaucu}
}

@book{introduction_speech_signals,
    title = {Discrete  Time Processing  of  Speech  Signals},
    author = {John R. Deller Jr. and John G. Proakis and John H. Hansen},
    isbn = {0023283017},
    year = {1993},
    publisher = {Prentice Hall PTR, Upper Saddle River, NJ,USA}
}

@misc{img_research_lab,
    author = " J. Suzuki and K. Nakata",
    title = "Japoński system rozpoznawania samogłosek",
    year = "1961"
}

@article{img_speech_domains,
    author = " J.P. Campbell",
    title = "Speaker recognition: A tutorial",
    journal = "Proceedings of the IEEE",
    volume = "85",
    number = "9",
    pages = "1437-1462",
    year = "1997",
    DOI = "10.1109/5.628714"
} 

@book{img_schemat_rozpoznawania,
    author = "B. Ziółko",
    title = "Technologie Mowy",
    publisher = "Akademia Górniczo-Hutnicza im. Stanisława Staszica w Krakowie",
    year = "2017",
} 
